
@misc{2003,
  title = {[2003.01446] {{UDD}}: {{An Underwater Open}}-Sea {{Farm Object Detection Dataset}} for {{Underwater Robot Picking}}},
  howpublished = {https://arxiv.org/abs/2003.01446}
}

@article{bennion2019comparison,
  title = {A Comparison of Chlorophyll a Values Obtained from an Autonomous Underwater Vehicle to Satellite-Based Measures for {{Lake Michigan}}},
  author = {Bennion, David H. and Warner, David M. and Esselman, Peter C. and Hobson, Brett and Kieft, Brian},
  year = {2019},
  volume = {45},
  pages = {726--734},
  issn = {0380-1330},
  doi = {10.1016/j.jglr.2019.04.003},
  journal = {Journal of Great Lakes Research},
  language = {en},
  number = {4}
}

@article{karatayev2018benthic,
  title = {Benthic Video Image Analysis Facilitates Monitoring of {{Dreissena}} Populations across Spatial Scales},
  author = {Karatayev, Alexander Y. and Mehler, Knut and Burlakova, Lyubov E. and Hinchey, Elizabeth K. and Warren, Glenn J.},
  year = {2018},
  volume = {44},
  pages = {629--638},
  issn = {0380-1330},
  doi = {10.1016/j.jglr.2018.05.003},
  journal = {Journal of Great Lakes Research},
  language = {en},
  number = {4}
}

@incollection{krahenbuhl2011efficient,
  title = {Efficient {{Inference}} in {{Fully Connected CRFs}} with {{Gaussian Edge Potentials}}},
  booktitle = {Advances in {{Neural Information Processing Systems}} 24},
  author = {Kr{\"a}henb{\"u}hl, Philipp and Koltun, Vladlen},
  year = {2011},
  pages = {109--117},
  publisher = {{Curran Associates, Inc.}}
}

@inproceedings{long2015fully,
  title = {Fully Convolutional Networks for Semantic Segmentation},
  booktitle = {{{IEEE}} Conference on Computer Vision and Pattern Recognition ({{CVPR}})},
  author = {Long, J. and Shelhamer, E. and Darrell, T.},
  year = {2015},
  pages = {3431--3440}
}

@article{ozersky2011effects,
  title = {Effects of Water Movement on the Distribution of Invasive Dreissenid Mussels in {{Lake Simcoe}}, {{Ontario}}},
  author = {Ozersky, Ted and Barton, David R. and Depew, David C. and Hecky, Robert E. and Guildford, Stephanie J.},
  year = {2011},
  volume = {37},
  pages = {46--54},
  issn = {0380-1330},
  doi = {10.1016/j.jglr.2010.07.006},
  journal = {Journal of Great Lakes Research},
  language = {en},
  series = {Lake {{Simcoe}} and Its {{Watershed}}: {{Multiple Stressors}} and {{Management Challenges}}}
}

@inproceedings{ronneberger2015unet,
  title = {U-Net: {{Convolutional}} Networks for Biomedical Image Segmentation},
  booktitle = {Medical Image Computing and Computer-Assisted Intervention ({{MICCAI}})},
  author = {Ronneberger, O. and {P.Fischer} and Brox, T.},
  year = {2015},
  volume = {9351},
  pages = {234--241},
  publisher = {{Springer}},
  series = {{{LNCS}}}
}

@inproceedings{wang2019learning,
  title = {Learning {{From Synthetic Data}} for {{Crowd Counting}} in the {{Wild}}},
  booktitle = {Proceedings of the {{IEEE Conference}} on {{Computer Vision}} and {{Pattern Recognition}}},
  author = {Wang, Qi and Gao, Junyu and Lin, Wei and Yuan, Yuan},
  year = {2019},
  pages = {8198--8207}
}


